@article{Benghanem2011,
author = {Benghanem, M.},
journal = {Applied Energy},
keywords = {Anisotropic models,Isotropic models,Modeling,Optimum tilt angle,Solar panel,Solar radiation},
number = {4},
pages = {1427--1433},
publisher = {Elsevier Ltd},
title = {{Optimization of tilt angle for solar panel: Case study for Madinah, Saudi Arabia}},
volume = {88},
year = {2011}
}

@article{Eke2012,
author = {Eke, Rustu and Senturk, Ali},
journal = {Solar Energy},
keywords = {Double axis tracking system,PV performance,Photovoltaic},
number = {9},
pages = {2665--2672},
title = {{Performance comparison of a double-axis sun tracking versus fixed PV system}},
volume = {86},
year = {2012}
}
@article{Hsu2009,
author = {Hsu, R. C. and Cheng-Ting, Liu and Kuan-Chieh, Wang and Wei-Ming, Lee},
isbn = {978-1-4244-5334-4},
journal = {Proceedings of the International Conference on Computational Science and Engineering},
pages = {537--542},
title = {{QoS-Aware Power Management for Energy Harvesting Wireless Sensor Network Utilizing Reinforcement Learning}},
volume = {2},
year = {2009}
}
@article{Hsu2009a,
author = {Hsu, Roy Chaoming and Liu, Cheng-ting and Lee, Wei-ming},
journal = {Next-Generation Applied Intelligence 22nd International Conference on Industrial, Engineering and Other Applications of Applied Intelligent Systems, IEA/AIE 2009, Tainan, Taiwan, Proceedings},
keywords = {dynamic power management,energy harvesting,energy neutrality,reinforcement learning,wireless sensor network},
pages = {399--408},
title = {{Reinforcement Learning-Based Dynamic Power Management for Energy Harvesting Wireless Sensor Network}},
year = {2009}
}
@article{King2001,
author = {King, D L and Boyson, William E and Kratochvil, J A},
doi = {10.1109/PVSC.2002.1190861},
isbn = {0-7803-7471-1},
journal = {Conference Record of the Twenty-Ninth IEEE Photovoltaic Specialists Conference, 2002.},
keywords = {MPPT},
pages = {1356--1361},
title = {{Analysis of factors influencing the annual energy production of photovoltaic systems}},
year = {2001}
}
@article{Kelly2009,
author = {Kelly, Nelson A. and Gibson, Thomas L.},
isbn = {0038-092X},
journal = {Solar Energy},
keywords = {Diffuse irradiance,Hydrogen,Photovoltaic,Solar energy,Solar tracking system},
number = {11},
pages = {2092--2102},
publisher = {Elsevier Ltd},
title = {{Improved photovoltaic energy output for cloudy conditions with a solar tracking system}},
volume = {83},
year = {2009}
}

@article{Grena2008,
author = {Grena, Roberto},
isbn = {0038092X},
journal = {Solar Energy},
number = {5},
pages = {462--470},
title = {{An algorithm for the computation of the solar position}},
volume = {82},
year = {2008}
}
@article{Grena2012,
author = {Grena, Roberto},
isbn = {0038092X},
journal = {Solar Energy},
keywords = {Azimuth,Declination,Hour angle,Right ascension,Sun position,Zenith},
number = {5},
pages = {1323--1337},
publisher = {Elsevier Ltd},
title = {{Five new algorithms for the computation of sun position from 2010 to 2110}},
volume = {86},
year = {2012}
}

@article{reda2004solar,
  title={Solar position algorithm for solar radiation applications},
  author={Reda, Ibrahim and Andreas, Afshin},
  journal={Solar energy},
  volume={76},
  number={5},
  pages={577--589},
  year={2004},
  publisher={Elsevier}
}
@article{Reddy2011,
author = {Reddy, Prashant P},
title = {{Strategy Learning for Autonomous Agents in Smart Grid Markets}},
year = {2011}
}
@article{King2001,
author = {King, D L and Boyson, William E and Kratochvil, J A},
isbn = {0-7803-7471-1},
journal = {Conference Record of the Twenty-Ninth IEEE Photovoltaic Specialists Conference, 2002.},
keywords = {MPPT},
pages = {1356--1361},
title = {{Analysis of factors influencing the annual energy production of photovoltaic systems}},
year = {2001}
}

@article{Hussein1995,
author = {Hussein, K.H.},
isbn = {1350-2360},
journal = {IEE Proceedings - Generation, Transmission and Distribution},
number = {1},
pages = {59},
title = {{Maximum photovoltaic power tracking: an algorithm for rapidly changing atmospheric conditions}},
volume = {142},
year = {1995}
}

@article{Rizk2008,
author = {Rizk, J and Chaiko, Y},
journal = {Proceedings of World Academy of Science: Engineering {\&} Technology},
keywords = {power optimization,renewable energy},
pages = {313--315},
title = {{Solar Tracking System: More Efficient Use of Solar Panels.}},
volume = {43},
year = {2008}
}
@article{Zafar2008,
author = {Zafar, Huzaifa and Corkill, Daniel},
journal = {ATSN'08: Proceedings of Second International Workshop on Agent Technology for Sensor Networks},
pages = {41--48},
title = {{Simplifying solar harvesting model-development in situated agents using pre-deployment learning and information sharing}},
year = {2008}
}
